@phdthesis{phdammar,
    title={Mise en \oe{}uvre de réseaux de neurones pour la modélisation de cinétiques réactionnelles en vue de la transposition batch/continu.},
    author={Ammar, Mohamed Yessin},
    school={Institut National Polytechnique de Toulouse},
    month={jan},
    year={2007}
}

@phdthesis{phdmouraud,
    title={Approche distribuée pour la simulation évènementielle de réseaux de neurones impulsionnels.},
    author={Mouraud, Anthony},
    school={Université des Antilles et de la Guyanne},
    month={may},
    year={2009}
}

@manual{reportinria2002,
    title={Simulation neuronal de la vision précoce corticale avec un modèle de Heeger.},
    author={Crahay, Sylvie AND Viéville, Thierry},
    month={sep},
    year={2002},
    organization={INRIA},
    note={Rapport de recherche \no 4534}
}

@article{articleglmf,
    author={Balima, Damien},
    journal={GNU Linux Magazine France \No 144},
    title={Datamining avec Rattle},
    year={2011},
    month={dec},
    pages={38}
}

@article{articlecnrs,
    author={Zeitoun, Charline},
    journal={CNRS le journal \No 230 - Le cerveau},
    title={Les neurones en équation},
    howpublished={Website},
    year={2009},
    month={mar},
    note={\url{http://www2.cnrs.fr/presse/journal/4257.htm} (dernier accès le 11.01.2012)}
}

@misc{slideslogigrammes,
    author={Musumbu, Kaninda},
    title={Automatisation de logigrammes de sécurité},
    year={2001},
    note={\url{http://uuu.enseirb.fr/~gloess/enseignement/spp/2004_2005/kbslides.ps} (dernier accès le 23.01.2012)}
}

@misc{coursretropropagation,
    author={Leray, Philippe},
    title={Quelques Types de Réseaux de Neurones - La Rétropropagation},
    organization={INSA Rouen},
    note={\url{http://asi.insa-rouen.fr/enseignement/siteUV/rna/Cours2/06-RN-BP.pdf} (dernier accès le 11.01.2012)}
}

@misc{coursbases,
    author={Cornuéjols, Antoine},
    title={Les réseaux de neurones},
    organization={I.I.E. \& L.R.I., Université d'Orsay},
    note={\url{http://www.lri.fr/~antoine/Courses/ENSTA/Tr-ensta-nnx9.pdf} (dernier accès le 11.01.2012)}
}

@misc{slidesAiChess,
    author={Kavitha, S. AND Kendre, S. AND Kolhar, K. AND Prabhu, P.},
    title={Implementation of Self-Learning in Chess using Neural Networks},
    note={\url{http://www.slideshare.net/piuprabhu/chess-end-games-using-neural-networks-presentation} (dernier accès le 11.01.2012)}
}

@book{lacomme2003algorithmes,
  title={Algorithmes de graphes},
  author={Lacomme, Philippe AND Prins, Christian AND Sevaux, Marc},
  isbn={9782212113853},
  series={Algorithmes (Paris)},
  url={http://books.google.fr/books?id=rwmSPQAACAAJ},
  year={2003},
  publisher={Eyrolles}
}

@book{haykin1999neural,
  title={Neural networks: a comprehensive foundation},
  author={Haykin, Simon S.},
  isbn={9780132733502},
  url={http://books.google.fr/books?id=bX4pAQAAMAAJ},
  year={1999},
  publisher={Prentice Hall}
}
