@PhdThesis{ChaPHD,
author = {Guillaume Chaslot},
title = {Monte-Carlo Tree Search},
school = {Université de Maastricht},
year = {2010},
OPTkey = {•},
OPTtype = {•},
OPTaddress = {•},
OPTmonth = {•},
note = {\url{http://www.unimaas.nl/games/files/phd/Chaslot_thesis.pdf}},
OPTannote = {•}
}

@article{ChaslotGo,
    author = {Chaslot, G. and Saito, J. and Bouzy, B. and Uiterwijk, J. and Van Den Herik, H.},
    journal = {Proceedings of the 18th BeNeLux Conference on Artificial Intelligence, Namur, Belgium},
    pages = {83–91+},
    title = {{Monte-carlo strategies for computer go}},
    year = {2006}
}

@misc{MAB,
author = {Chris Stucchio},
title = {Why Multi-armed Bandit algorithms are superior to A/B testing},
year = {2012},
howpublished = {\url{http://www.chrisstucchio.com/blog/2012/bandit_algorithms_vs_ab.html}},
}

@Book{Minimax,
author = { Von Neumann, J},
title = {Zur Theorie der Gesellschaftsspiele},
year = {1928},
}
